@misc{
	rcpcore,
	title="Eclipse RCP Core Component\\
	\url{http://www.eclipse.org/eclipse/platform-core/}"
}
@misc{
	rcpfaq,
	author="Oberhuber, Martin and Boldt,
	Nick and Spiewak, Daniel and Bonk, Thomas and others",
	title="Rich Client Platform Frequently Asked Questions\\
	\url{http://wiki.eclipse.org/index.php/RCP_FAQ}",
}
@misc{
	swt,
	author="Winchester, Joe and Northover, Steve",
	title="SWT - A Native Widget Toolkit for Java\\
	\url{http://java.sys-con.com/read/37463.htm}",
}
@misc{
	equinox,
	title="Equinox\\
	\url{http://www.eclipse.org/equinox/}"
}
@misc{
	equinoxfaq,
	title="Equinox Frequently Asked Questions\\
	\url{http://www.eclipse.org/equinox/faq.php}"
}
@misc{
	jface,
	title="JFace\\
	\url{http://wiki.eclipse.org/index.php/JFace}"
}
@misc{
	jface-art,
	author="Sam-bodden, Brian and Judd, Christopher",
	title="Rich clients with the SWT and JFace\\
	\url{http://www.javaworld.com/javaworld/jw-04-2004/jw-0426-swtjface.html}"
}
