@misc{
	eclipsehelp,
	title="Eclipse SDK Documentation\\
	\url{http://help.eclipse.org/}"
}
@misc{
	rcpfaq,
	author="Oberhuber, Martin and Boldt,
	Nick and Spiewak, Daniel and Bonk, Thomas and others",
	title="Rich Client Platform Frequently Asked Questions\\
	\url{http://wiki.eclipse.org/index.php/RCP_FAQ}",
}
@misc{
	swt,
	author="Winchester, Joe and Northover, Steve",
	title="SWT - A Native Widget Toolkit for Java\\
	\url{http://java.sys-con.com/read/37463.htm}",
}
@misc{
	equinox,
	title="Equinox\\
	\url{http://www.eclipse.org/equinox/}"
}
@misc{
	equinoxfaq,
	title="Equinox Frequently Asked Questions\\
	\url{http://www.eclipse.org/equinox/faq.php}"
}
@misc{
	jface,
	title="JFace\\
	\url{http://wiki.eclipse.org/index.php/JFace}"
}
@misc{
	jface-art,
	author="Sam-bodden, Brian and Judd, Christopher",
	title="Rich clients with the SWT and JFace\\
	\url{http://www.javaworld.com/javaworld/jw-04-2004/jw-0426-swtjface.html}"
}
@misc{
	oglwiki,
	title="OpenGL on Wikipedia\\
	\url{http://en.wikipedia.org/wiki/OpenGL}"
}
@misc{
	osgiwiki,
	title="OSGi on Wikipedia\\
	\url{http://en.wikipedia.org/wiki/OSGi}"
}
@misc{
	wxfaq,
	title="wxWidgets FAQ: General\\
	\url{http://www.wxwidgets.org/docs/faqgen.htm#stl}"
}
@misc{
	swtawtswing,
	title="SWT, Swing or AWT: Which is right for you?\\
	\url{http://www.ibm.com/developerworks/grid/library/os-swingswt/}",
	author="Feigenbaum, Barry"
}
@misc{
	killswt,
	title="SWT - So What? \\
	url{http://www.hacknot.info/hacknot/action/showEntry?eid=74}"
}
@misc{
	awtswing,
	title="What is the difference between AWT and SWT? \\
	\url{http://www.jguru.com/faq/view.jsp?EID=507891}"
}